@Electronic{iftwiki,
  author = {Tahmid Nabi and Christopher Scaffidi},
  title = {Information Foraging Theory},
  year      = 2016,
  organization = {Oregon State University}
}



