@Electronic{stringify,
  author = {{Mozilla Developer Network}},
  title = {{JSON.stringify()}},
  year      = 2016,
  organization = {Mozilla},
  url = {https://developer.mozilla.org/en-US/docs/Web/JavaScript/Reference/Global_Objects/JSON/stringify}
}
@Electronic{serialize,
  author = {{Eric Ferraiuolo}},
  title = {serialize-javascript},
  year      = 2016,
  url = {https://www.npmjs.com/package/serialize-javascript}
}
@Electronic{mongo,
  author = {{MongoDB}},
  title = {MongoDB FAQ},
  year      = 2016,
  organization = {mongoDB},
  url = {https://www.mongodb.com/faq}
}
@Electronic{lodash,
  author = {{Lodash}},
  title = {{Lodash Docs}},
  year      = 2016,
  organization = {Lodash},
  url = {https://lodash.com/docs/4.17.0}
}
@Electronic{compare,
  author = {{Matt Zeunert}},
  title = {JavaScript deep object comparison - JSON.stringify vs deepEqual},
  year      = 2016,
  month     = Jan,
  url = {http://www.mattzeunert.com/2016/01/28/javascript-deep-equal.html}
}
@Electronic{deep,
  author = {{substack}},
  title = {deep-equal},
  year      = 2015,
  url = {https://www.npmjs.com/package/deep-equal}
}

@Electronic{bson,
  author = {{MongoDB}},
  title = {{JSON and BSON}},
  year      = 2016,
  organization = {MongoDB},
  url = {https://www.mongodb.com/json-and-bson}
}
@Electronic{json2js,
  author = {{Douglas Crockford}},
  title = {{JSON in JavaScript}},
  year      = 2015,
  url = {https://github.com/douglascrockford/JSON-js}
}
@Electronic{sql,
  author = {{Luke P. Issac}},
  title = {{SQL vs NoSQL Database Differences Explained}},
  year      = 2014,
  organization = {The Geek Stuff},
  url = {http://www.thegeekstuff.com/2014/01/sql-vs-nosql-db/?utm_source=tuicool}
}

% Sam's Citations
@Electronic{pegjs,
	author = {{David Majda}},
	title = {PEG.js},
	url = {http://pegjs.org}
}

@Electronic{gold,
	author = {{Devin Cook}},
	title = {GOLD Parser},
	url = {http://goldparser.org}
}

@Electronic{markdown,
	author = {{John Gruber}},
	title = {Markdown},
	url = {https://daringfireball.net/projects/markdown/}
}

@Electronic{oreilly,
	author = {A. Sinan Unur},
	title = {Parsing HTML with Perl},
	year = 2014,
	month = Feb,
	day = 6,
	url = {http://radar.oreilly.com/2014/02/parsing-html-with-perl-2.html}
}

@Electronic{python,
	organization = {The Python Software Foundation},
	title = {HTMLParser - Simple HTML and XHTML Parser},
	url = {https://docs.python.org/2/library/htmlparser.html}
}

@Electronic{jsdom,
	author = {tmpvar},
	title = {jsdom},
	url = {https://www.npmjs.com/package/jsdom}
}

@Electronic{htmlparser,
	author = {tautologistics},
	title = {htmlparser},
	url = {https://www.npmjs.com/package/htmlparser}
}

@Electronic{perlhtmlparser,
	author = {Gisle Aas},
	title = {HTML::Parser},
	url = {https://metacpan.org/pod/HTML::Parser}
}

@Electronic{htmltokeparser,
	author = {Curtis ``Ovid'' Poe},
	title = {HTML::TokeParser::Simple},
	url = {http://search.cpan.org/~ovid/HTML-TokeParser-Simple-3.16/lib/HTML/TokeParser/Simple.pm}
}

@Electronic{recdescent,
	author = {Jeremy T. Braun},
	title = {Parse-RecDescent},
	url = {https://metacpan.org/release/Parse-RecDescent}
}

@Electronic{VSCode,
  Author 		= {Microsoft},
  title 			= {Code editing. Redefined.},
  year 			= 2016,
  organization = {Microsoft},
  url 	= {https://code.visualstudio.com/Docs/}
}

@Electronic{Brackets,
  Author 		= {Adobe},
  title 			= {A modern, open source text editor that understands web design.},
  year 			= 2016,
  organization = {Adobe},
  url 			= {http://brackets.io}
}

@Electronic{Atom,
  Author  = {GitHub},
  title = {Atom: A hackable text editor},
  year = 2016,
  organization = {GitHub},
  url = {Atom.io}
}

@Electronic{JavaScriptHistory,
  Author 		= {Paul Krill},
  title 			= {JavaScript creator ponders past, future},
  year 			= 2008,
  organization = {InfoWorld.com},
  url 			= {http://www.infoworld.com/article/2653798/application-development/javascript-creator-ponders-past--future.html}
}

@Electronic{TypeScript,
  Author 		= {Microsoft},
  title 			= {TypeScript - JavaScript that Scales},
  year 			= 2016,
  organization = {Microsoft},
  url 			= {http://www.typescriptlang.org}
}

@Electronic{VSCodeDocumentation,
  Author 		= {Visual Studio Code API Reference},
  title 			= {},
  year 			= 2016,
  organization = {Microsoft},
  url 			= {https://code.visualstudio.com/docs/extensionAPI/vscode-api}
}
@Electronic{ES7,
  Author 		= {Mozilla},
  title 			= {ECMAScript Next support in Mozilla},
  year 			= 2016,
  organization = {Mozilla},
  url 			= {https://developer.mozilla.org/en-US/docs/Web/JavaScript/New_in_JavaScript/ECMAScript_Next_support_in_Mozilla}
}

@Electronic{ipc,
  Author 		= {npmjs},
  title 			= {node-ipc},
  year 			= 2017,
  organization = {npmjs},
  url 			= {https://www.npmjs.com/package/node-ipc}
}
@Electronic{electron,
  title 			= {Electron Documentation},
  year 			= 2017,
  organization = {Electron.Atom},
  url 			= {http://electron.atom.io/docs/}
}
@Electronic{nanoscroller,
  Author 		= {James Florentino},
  title 			= {nanoScroller.js},
  year 			= 2017,
  url 			= {https://jamesflorentino.github.io/nanoScrollerJS/}
}
@Electronic{jant,
  title 			= {JQuery Advanced News Ticker 1.0.11
  year 			= 2016,
  url 			= {https://github.com/risq/jquery-advanced-news-ticker/blob/master/README.md}
}
@Electronic{d3js,
  title 			= {Data-Driven Documents Home
  year 			= 2017,
  url 			= {https://github.com/d3/d3/wiki}
}
@Electronic{vis,
  title 			= {Network Examples},
  year 			= 2017,
  organization = {vis.js},
  url 			= {http://visjs.org/network_examples.html}
}

