@Electronic{iftwiki,
  author = {T. Nabi and T. Sweeney and S. Lichlyter and D. Piorkowski and C. Scaffidi and M. Burnett and S. Fleming},
  title = {Information {F}oraging {T}heory},
  year      = 2016,
  organization = {Oregon State University},
  url = {http://research.engr.oregonstate.edu/ift/readonly.php}
}
@Electronic{xeroxift,
  author = {P. Pirolli and S. Card},
  title = {Information {F}oraging in {I}nformation {A}ccess {E}nvironments},
  year      = 1995,
  organization = {Xerox Palo Alto Research Center},
  url = {http://delivery.acm.org/10.1145/230000/223911/p51-pirolli.pdf}
}



