@Electronic{stringify,
  author = {{Mozilla Developer Network}},
  title = {{JSON.stringify()}},
  year      = 2016,
  organization = {Mozilla},
  url = {https://developer.mozilla.org/en-US/docs/Web/JavaScript/Reference/Global_Objects/JSON/stringify}
}
@Electronic{serialize,
  author = {{Eric Ferraiuolo}},
  title = {serialize-javascript},
  year      = 2016,
  url = {https://www.npmjs.com/package/serialize-javascript}
}
@Electronic{mongo,
  author = {{mongoDB}},
  title = {MongoDB FAQ},
  year      = 2016,
  organization = {mongoDB},
  url = {https://www.mongodb.com/faq}
}



